<record><leader>00000cas a2200000 a 4500</leader><controlfield tag="001">13317500</controlfield><controlfield tag="008">860320d18291830paudr ne      0    0eng c</controlfield><datafield ind1=" " ind2=" " tag="010"><subfield code="a">sn 86079113 </subfield></datafield><datafield ind1=" " ind2=" " tag="040"><subfield code="a">NPU</subfield><subfield code="b">eng</subfield><subfield code="c">NPU</subfield><subfield code="d">NPH</subfield><subfield code="d">DLC</subfield><subfield code="d">NPH</subfield><subfield code="d">NPX</subfield><subfield code="d">NPH</subfield><subfield code="d">NJW</subfield><subfield code="d">DLC</subfield><subfield code="d">OCLCQ</subfield><subfield code="d">OCLCF</subfield><subfield code="d">OCLCO</subfield></datafield><datafield ind1="1" ind2=" " tag="029"><subfield code="a">AU@</subfield><subfield code="b">000023272081</subfield></datafield><datafield ind1=" " ind2=" " tag="042"><subfield code="a">pcc</subfield></datafield><datafield ind1=" " ind2=" " tag="043"><subfield code="a">n-us-pa</subfield></datafield><datafield ind1="0" ind2="0" tag="050"><subfield code="a">Newspaper 9522-A</subfield></datafield><datafield ind1="0" ind2=" " tag="130"><subfield code="a">Pennsylvania inquirer (Philadelphia, Pa. : 1829)</subfield></datafield><datafield ind1="1" ind2="4" tag="245"><subfield code="a">The Pennsylvania inquirer.</subfield></datafield><datafield ind1=" " ind2=" " tag="260"><subfield code="a">Philadelphia [Pa.] :</subfield><subfield code="b">J.R. Walker,</subfield><subfield code="c">1829-1830.</subfield></datafield><datafield ind1=" " ind2=" " tag="300"><subfield code="a">2 v. :</subfield><subfield code="b">ill. (chiefly advertisements) ;</subfield><subfield code="c">34-57 cm.</subfield></datafield><datafield ind1=" " ind2=" " tag="310"><subfield code="a">Daily</subfield></datafield><datafield ind1="0" ind2=" " tag="362"><subfield code="a">Vol. 1, no. 1 (June 1, 1829)-v. 2, no. 27 (June 30, 1830).</subfield></datafield><datafield ind1=" " ind2=" " tag="500"><subfield code="a">Publishers: John Walker, June 1, 1829-&lt;Nov. 7, 1829&gt;; Jesper Harding, &lt;Nov. 16, 1829&gt;-June 30, 1830.</subfield></datafield><datafield ind1=" " ind2=" " tag="580"><subfield code="a">Triweekly ed.: Inquirer (Philadelphia, Pa.).</subfield></datafield><datafield ind1=" " ind2="0" tag="651"><subfield code="a">Philadelphia (Pa.)</subfield><subfield code="v">Newspapers.</subfield></datafield><datafield ind1=" " ind2="7" tag="655"><subfield code="a">Newspapers.</subfield><subfield code="2">fast</subfield><subfield code="0">(OCoLC)fst01423814</subfield></datafield><datafield ind1=" " ind2="7" tag="651"><subfield code="a">Pennsylvania</subfield><subfield code="z">Philadelphia.</subfield><subfield code="2">fast</subfield><subfield code="0">(OCoLC)fst01204170</subfield></datafield><datafield ind1=" " ind2=" " tag="752"><subfield code="a">United States</subfield><subfield code="b">Pennsylvania</subfield><subfield code="c">Philadelphia</subfield><subfield code="d">Philadelphia.</subfield></datafield><datafield ind1="0" ind2=" " tag="775"><subfield code="t">Pennsylvania inquirer (Philadelphia, Pa. : 1830 : Weekly)</subfield><subfield code="w">(DLC)sn 86082065</subfield></datafield><datafield ind1="1" ind2=" " tag="775"><subfield code="t">Inquirer (Philadelphia, Pa.)</subfield><subfield code="w">(DLC)sn 86072148</subfield></datafield><datafield ind1="0" ind2="7" tag="785"><subfield code="t">Morning journal (Philadelphia, Pa. : Daily)</subfield><subfield code="w">(DLC)sn 84026303</subfield></datafield><datafield ind1="0" ind2="7" tag="785"><subfield code="t">Pennsylvania inquirer and morning journal (Philadelphia, Pa. : 1830)</subfield><subfield code="w">(DLC)sn 85054320</subfield></datafield></record>